@article{Zhong2020AFE,
  title={A Frustratingly Easy Approach for Joint Entity and Relation Extraction},
  author={Zexuan Zhong and Danqi Chen},
  journal={ArXiv},
  year={2020},
  volume={abs/2010.12812},
  url={https://api.semanticscholar.org/CorpusID:232320859}
}

@article{Goyal2018RNE,
author = {Goyal, Archana and Gupta, Vishal and Kumar, Manish},
year = {2018},
month = {08},
pages = {21-43},
title = {Recent Named Entity Recognition and Classification techniques: A systematic review},
volume = {29},
journal = {Computer Science Review},
doi = {10.1016/j.cosrev.2018.06.001}
}